<collection xmlns="http://www.loc.gov/MARC21/slim">
<record>
  <leader>01001nam0a22002531i 450 </leader>
  <controlfield tag="001">IT\ICCU\CNCE\066429</controlfield>
  <controlfield tag="005">20180718000000.0</controlfield>
  <datafield tag="012" ind1=" " ind2=" ">
    <subfield code="a">o.., r.e- r,a- i-e- (C) 1516 (R)</subfield>
    <subfield code="2">fei</subfield>
  </datafield>
  <datafield tag="100" ind1=" " ind2=" ">
    <subfield code="a">20060907d1516        0itac0103    ba</subfield>
  </datafield>
  <datafield tag="101" ind1=" " ind2=" ">
    <subfield code="a">LAT</subfield>
  </datafield>
  <datafield tag="102" ind1=" " ind2=" ">
    <subfield code="a">IT</subfield>
  </datafield>
  <datafield tag="200" ind1="1" ind2=" ">
    <subfield code="a">Noua interpretatio super septimi physicorum regulas</subfield>
  </datafield>
  <datafield tag="210" ind1=" " ind2=" ">
    <subfield code="e">Impressum Florentiae</subfield>
    <subfield code="g">per Bernardum Zuchettam</subfield>
    <subfield code="h">die XV Nouembris. 1516</subfield>
  </datafield>
  <datafield tag="215" ind1=" " ind2=" ">
    <subfield code="a">(8) c.</subfield>
    <subfield code="d">4ʻ</subfield>
  </datafield>
  <datafield tag="300" ind1=" " ind2=" ">
    <subfield code="a">L&apos;autore si ricava da c. A2r</subfield>
  </datafield>
  <datafield tag="620" ind1=" " ind2=" ">
    <subfield code="a">IT</subfield>
    <subfield code="d">Firenze</subfield>
  </datafield>
  <datafield tag="700" ind1=" " ind2="1">
    <subfield code="a">Raggius,</subfield>
    <subfield code="b">Florentinus</subfield>
    <subfield code="3">IT\ICCU\CNCA\026992</subfield>
  </datafield>
  <datafield tag="712" ind1="0" ind2="0">
    <subfield code="a">Zucchetta, Bernardo</subfield>
    <subfield code="3">IT\ICCU\CNCT\000213</subfield>
    <subfield code="4">650</subfield>
  </datafield>
  <datafield tag="790" ind1=" " ind2="0">
    <subfield code="a">Raggio Fiorentino</subfield>
    <subfield code="3">IT\ICCU\CNCA\027166</subfield>
    <subfield code="z">Raggius, Florentinus</subfield>
  </datafield>
  <datafield tag="791" ind1="0" ind2="0">
    <subfield code="a">Zuchetta, Bernardus</subfield>
    <subfield code="3">IT\ICCU\CNCT\004196</subfield>
    <subfield code="z">Zucchetta, Bernardo</subfield>
  </datafield>
  <datafield tag="791" ind1="0" ind2="0">
    <subfield code="a">Zucchecta, Bernardo</subfield>
    <subfield code="3">IT\ICCU\CNCT\005844</subfield>
    <subfield code="z">Zucchetta, Bernardo</subfield>
  </datafield>
  <datafield tag="801" ind1=" " ind2="3">
    <subfield code="a">IT</subfield>
    <subfield code="b">ICCU</subfield>
    <subfield code="c">20201115</subfield>
  </datafield>
  <datafield tag="899" ind1=" " ind2=" ">
    <subfield code="a">Biblioteca Riccardiana. Firenze</subfield>
    <subfield code="1">FI0094</subfield>
    <subfield code="2">CFI RF</subfield>
  </datafield>
  <datafield tag="899" ind1=" " ind2=" ">
    <subfield code="a">Biblioteca Casanatense. Roma</subfield>
    <subfield code="1">RM0313</subfield>
    <subfield code="2">RML 07</subfield>
  </datafield>
</record>
</collection>
